@Article{distr2006,
  title = {S4 Classes for Distributions},
  author = {P. Ruckdeschel and M. Kohl and T. Stabla and F. Camphausen},
  language = {English},
  journal = {R News},
  year = {2006},
  volume = {6},
  number = {2},
  pages = {2--6},
  month = {May},
  pdf = {https://CRAN.R-project.org/doc/Rnews/Rnews_2006-2.pdf},
}
@Article{distr2014,
  title = {General Purpose Convolution Algorithm in {S}4 Classes by Means of FFT},
  author = {Peter Ruckdeschel and Matthias Kohl},
  journal = {Journal of Statistical Software},
  year = {2014},
  volume = {59},
  number = {4},
  pages = {1--25},
  doi = {10.18637/jss.v059.i04},
}
@Manual{distr6,
  title = {distr6: The Complete R6 Probability Distributions Interface},
  author = {Raphael Sonabend and Franz Kiraly},
  year = {2025},
  note = {R package version 1.8.4, commit a642cd312c51fba7ede7336036f907dbe279889e},
  url = {https://github.com/xoopR/distr6},
}

